% Encoding: UTF-8
% Estudios -----------------------------------------------------------------------------------------
@book{ iess_val_act_ivm_2019,
  shorttitle = {{Valuación Actuarial IVM, DAIE}},
  title = {{Valuación Actuarial del Seguro Vejez, Invalidez y Muerte del Seguro General Obligatorio}},
  author = {{Dirección Actuarial, de Investigación y Estadística}},
  publisher = {Instituto Ecuatoriano de Seguridad Social},
  year = {2019},
  date = {2019-09-16},
  address = {Quito, Ecuador}
}

@book{ iess_val_act_sal_2019,
  shorttitle = {{Valuación Actuarial Salud, DAIE}},
  title = {{Valuación Actuarial del Seguro General de Salud Individual y Familiar}},
  author = {{Dirección Actuarial, de Investigación y Estadística}},
  publisher = {Instituto Ecuatoriano de Seguridad Social},
  year = {2019},
  date = {2019-09-16},
  address = {Quito, Ecuador}
}

@book{ iess_nota_tecnica_mortalidad_2020,
shorttitle =  {{Nota técnica para la construcción de tablas de mortalidad, DAIE}},
author = {{Dirección Actuarial, de Investigación y Estadística}},
publisher = {Instituto Ecuatoriano de Seguridad Social},
year = {2020},
date = {2019-09-16},
address = {Quito, Ecuador}
}

% Books --------------------------------------------------------------------------------------------
@book{ math_int_theory,
    title = {{Mathematical Interest Theory}},
    author = {{Leslie Jane} {Federer Vaaler} and {Shinko} {Kojima Harper} and {James W.} Daniel},
    series = {AMS/MAA Textbooks},
    publisher = {American Mathematical Society},
    isbn = {978-1-4704-6568-1},
    volume = {57},
    edition = {3},
    year = {2019}
}

@book{ term_struc_mod,
    title = {{Term-Structure Models A Graduate Course}},
    author = {Damir Filipović},
    series = {Springer Finance},
    publisher = {Springer},
    isbn = {978-3-540-09726-6},
    year = {2009}
}

@book{ int_rate_mod_int,
    title = {{Interest Rate Models: An Introduction}},
    author = {Andrew Cairns},
    publisher = {Princeton University Press},
    isbn = {0-691-11893-0},
    year = {2004}
}

@book{ int_rate_mod_theo,
    title = {{Interest Rate Models-Theory and Practice, With Smile, Inflation and Credit}},
    author = {Damiano Brigo and Fabio Mercurio},
    series = {Springer Finance},
    publisher = {Springer},
    isbn = {978-3-540-22149-4},
    year = {2006}
}

@book{ learn_kern,
	title = {{Learning with Kernels}},
	subtitle = {{Support Vector Machines, Regularization, Optimization, and Beyond}},
	author = {Bernhard Schölkopf and Alexander J. Smola},
	series = {{Adaptive Computation and Machine Learning}},
	publisher = {MIT Press},
	year = {2002},
	isbn = {0-262-19475-9}
}

@book{ModMultPop:1987,
    title = {{Modeling Multigroup Populations}},
    author = {Robert Schoen},
    isbn = {978-1-4899-2057-7},
    publisher = {Springer},
    series = {{The Plenum Series on Demographic Methods and Population Analysis}},
    year = {1987},
}

@book{ int_sto_proc,
  title = {{Introduction to Stochastic Processes}},
  author = {Erhan \c{C}inlar},
  publisher = {Dover Publications},
  year = {2013},
  isbn = {978-0-486-49797-6}
}

@book{SceEcoTech:2012,
  title = {{Scénarios Économiques et Techniques D'Allocations D'Acifs}},
  subtitle = {Applications aux assurances et aux fonds de pension},
  author = {Alaeddine Faleh},
  publisher = {Economica},
  series = {{Assurance Audit Actuariat}},
  edition = {1},
  year = {2012},
  address = {Paris, France}
}

@book{FinSocPro:2010,
  title = {{Financing social protection}},
  author = {Michael Cichon and Wolfang Scholz and Arthur {van de Meerendonk} and Krzysztof 
    Hagemejer and Fabio Bertranou and Pierre Plamondon},
  publisher = {International Labour Office and International Social Security Association},
  series = {{Quantitative Methods in Social Protection Series}},
  edition = {1},
  isbn = {92-2-115122-0},
  year = {2004},
  address = {Geneva, Switzerland}
}

@book{AnaFinTime:2010,
  title = {{Analysis of Financial Time Series}},
  author = {Ruey Tsay},
  publisher = {John Wiley & Sons, Inc},
  edition = {3},
  isbn = {978–0–470–41435–4},
  year = {2010},
  address = {Hoboken, New Jersey, United States}
}

@book{MethEcoHealth:,
  title = {{Methods for the Economic Evaluation of Health Care Programmes}},
  author = {Michael {F. Drummond} and Mark {J. Sculpher} and Karl Claxton and Greg {L. Stoddart} and 
    George {W. Torrance}},
  publisher = {Oxford University Press},
  edition = {4},
  isbn = {978–0–19–966587–7},
  year = {2015},
  address = {Great Clarendon Street, Oxford, OX2 6DP, United Kingdom}
}

@book{HeathEco:2009,
  title = {{Health Economics}},
  author = {Peter Zweifel and Friedrich Breyer and Mathias Kifman},
  publisher = {Springer-Verlag},
  edition = {2},
  isbn = {978-3-540-27804-7},
  year = {2009},
  address = {Heidelberg, Germany}
}

@book{LossModFur:2013,
  title = {{Loss Models, Further Topics}},
  author = {Stuart {A. Klugman} and Harry {H. Panjer} and Gordon {E. Willmot}},
  publisher = {John Wiley \& Sons, Inc},
  series = {{Wiley Series in Probability and Statistics}},
  edition = {1},
  isbn = {978-1-118-34356-2},
  year = {2013},
  address = {Hoboken, New Jersey, United States}
}

@book{LossMod:2012,
  title = {{Loss Models, From Data to Decisions}},
  author = {Stuart {A. Klugman} and Harry {H. Panjer} and Gordon {E. Willmot}},
  publisher = {John Wiley \& Sons, Inc},
  series = {{Wiley Series in Probability and Statistics}},
  edition = {4},
  isbn = {978-1-118-31532-3},
  year = {2012},
  address = {Hoboken, New Jersey, United States}
}

@book{Green1994,
  title = {Nonparametric regression and generalized linear models: a roughness penalty approach},
  author = {Green, P.J. and Silverman, B.W.},
  publisher = {Chapman and Hall},
  language = {English},
  isbn = {0412300400},
  address = {United Kingdom},
  year = {1994}
}
  
@book{MathStaStoPro:2012,
  title = {{Mathematical Statistics and Stochastic Processes}},
  author = {Denis Bosq},
  publisher = {{iSTE, Wiley}},
  series = {{Applied Stochastic Methods}},
  isbn = {978-1-84821-361-6},
  year = {2012}
}
  
@book{Prob:1995,
  author = {Albert N. Shiryaev},
  title = {Probability},
  publisher = {Springer-Verlag},
  series = {Graduate Texts in Mathematics},
  isbn = {978-0-3879-4549-1},
  year = {1995}
}
  
@book{HealthIns:1999,
  title = {{Health Insurance, Basic Actuarial Models}},
  author = {Ermanno Pitacco},
  publisher = {Springer-Verlag},
  series = {{EAA Series}},
  isbn = {978-3-319-12234-2},
  year = {2014}
}
  
@book{ModHealthCare:1999,
  title = {{Modeling in health care finance, A compendium of quantitative technique for health 
    care financing}},
  author = {Michael Cichon and William Newbrander and Hiroshi Yamabana and Axel Weber and 
    Charles Normand and David Dror and Alexander Preker},
  publisher = {International Labour Office and International Social Security Association},
  series = {{Quantitative Methods in Social Protection Series}},
  isbn = {92-2-110862-7},
  year = {1999},
  address = {Geneva, Switzerland}
}
  
@book{ GaussProMachLear:2006,
  title = {{Gaussian Processes for Machine Learning}},
  author = {{Carl Edward} Rasmussen and {Christopher K.I.} Williams},
  isbn = {978-0-2621-8253-9},
  lccn = {2005053433},
  series = {Adaptive computation and machine learning},
  year = {2006},
  publisher = {MIT Press}
}
  
@book{ GenLinMod:1990,
  title = {{Generalized Additive Models}},
  author = {Trevor J. Hastie and Robert J. Tibshirani},
  publisher = {Chapman and Hall},
  address = {London},
  isbn = {0-412-34390-8},
  year = {1990}
}
  
@book{ ActAssuPer:2007,
  title = {{Actuariat des assurances de personnes}},
  author = {Michel Denuit and Christian Robert},
  series = {Assurance Audit Actuariat},
  year = {2007},
  isbn = {978-2-7178-5329-2},
  publisher = {Economica}
}
  
@book{ AppMathDemo:2013,
  title = {{Applied Mathematical Demography}},
  author = {Nathan Keyfitz and Hal Caswell},
  isbn = {0-387-22537-4},
  year = {2013},
  series = {{Statistics for Biology and Health}},
  publisher = {{Springer-Verlag}}
}
  
@book{ MathDemo:2013,
  title = {{Mathematical Demography, Selected Papers}},
  author = {David P. Smith and Nathan Keyfitz},
  isbn = {978-3-642-35857-9},
  series = {{Demographic Research Monographs, A Series of the Max Planck Institute for 
  Demographic Research}},
  year = {2013},
  publisher = {Springer-Verlag}
}
  
@book{ FinRisManPenPlan:2004,
  title = {{Financial Risk Management for Pension Plans}},
  author = {Krzysztof M. Ostaszewski and Leslaw Gajek},
  publisher = {Elsevier},
  isbn = {0-444-51674-3},
  year = {2004}
}
  
@book{ SocSecDemRisk:2005,
  title = {{Social Security, Demographics, and Risk}},
  author = {Christoph Borgmann},
  publisher = {Springer-Verlag},
  series = {Population Economics},
  isbn = {3-540-22268-5},
  year = {2005}
}
  
@book{ ActMathLifContRisk:2013,
  title = {{Actuarial Mathematics For Life Contingent Risks}},
  author = {David Dickson and Mary Hardy and Howard Waters},
  isbn = {978-1-107-04407-4},
  year = {2013},
  series = {{International Series on Actuarial Science}},
  publisher = {{Cambridge University Press}}
}
  
@book{ MLCManual:2014,
  title = {{ACTEX MLC Study Manual}},
  author = {Johnny Li and Andrew Ng},
  isbn = {978-1-62542-115-9},
  year = {2013},
  publisher = {ACTEX Publications, Inc}
}
  
@book{ KolmoFunAnalysis,
  author = {Kolmogorov, Andrey and Fomin, Sergei and Silverman, Richard},
  isbn = {978-0-48-613474-1},
  publisher = {Dover Publications},
  series = {Dover Books on Mathematics},
  title = {{Introductory Real Analysis}},
  year = {2012}
}
  
@book{ StoPortThe:2002,
  author = {Robert Fernholz},
  isbn = {9780387954059},
  publisher = {Springer-Verlag},
  series = {{Stochastic Modelling and Applied Probability}},
  title = {{Stochastic Portfolio Theory}},
  year = {2002}
}
  
@book{ MarkovChain:1997,
  title = {{Markov Chains}},
  author = {James R. Norris},
  publisher = {{Cambridge University Press}},
  isbn = {0-521-48181-3},
  address = {Cambridge, UK},
  year = {1997}
}
  
@book{ Prob:Ross:2015,
  author = {Sheldon Ross},
  isbn = {978-0-32-192667-8},
  publisher = {Pearson Education},
  title = {{A First Course in Probability}},
  year = {2015}
}
  
@book{ ReaAnaProb:1972,
  title = {{Real Analysis and Probability}},
  author = {Robert B. Ash},
  isbn = {978-0-12-065201-3},
  series = {Probability and Mathematical Statistics: A Series of Monographs and Textbooks},
  year = {1972},
  publisher = {Academic Press},
  address = {New York}
}
  
@book{ ModLongDyn:2009,
  address = {Great Clarendon Street, Oxford OX2 6DP},
  author = {Pitacco, Ermano and Denuit, Michel and Haberman, Steven and Olivieri, Annamaria},
  publisher = {Oxford University Press},
  series = {Mathematics Texts},
  title = {Modelling Longevity Dynamics for Pensions and Annuity Business},
  isbn = {978-0-19-954727-2},
  year = {2009}
}
  
@book{ ActMath:1997,
  title = {Actuarial Mathematics},
  author = {Newton L. Bowers and Hans U. Gerber and James C. Hickman and Donald A. Jones and 
    Cecil J. Nesbitt},
  publisher = {{The Society of Actuaries}},
  address = {Illinois, United States},
  isbn = {0-938959-46-8},
  year = {1997}
}
  
@book{ HolzmanHinz_SS,
  title = {Old Age Income Support in the 21st Century},
  author = {R. Holzman and R. Hinz},
  publisher = {The World Bank},
  address = {Washington, DC},
  year = {2005}
}
  
@book{ oldage,
  title = {New ideas about old age security},
  author = {Robert Holzman and Joseph Stiglitz},
  publisher = {The World Bank},
  address = {Washington, D.C.},
  year = {2001}}s
  
@book{ SSThullen,
  title = {{Técnicas Actuariales de la Seguridad Social}},
  author = {Peter Thullen},
  publisher = {Organización Internacional del Trabajo},
  address = {Madrid},
  isbn = {84-7434-869-2},
  year = {1995}
}
  
@book{ ActMathSoc,
  title = {{Actuarial mathematics of social security pensions}},
  author = {Subramaniam Iyer},
  publisher = {International Labour Office and International Social Security Association},
  series = {{Quantitative Methods in Social Protection Series}},
  edition = {1},
  isbn = {92-2-110866-X},
  year = {1999},
  address = {Geneva, Switzerland}
}
  
@book{ KNight,
  title = {Mathematical statistics},
  author = {Keith Knight},
  publisher = {Chapman \& Hall/CRC},
  series = {Texts in statistical science},
  isbn = {1-58488-178-X},
  year = {1999}
}
  
@book{ BasLifInsMat:2002,
  title = {{Basic Life Insurance Mathematics}},
  author = {Ragnar Norberg},
  journal = {Copenhagen University},
  publisher = {Copenhagen University},
  year = {2002},
  pages = {1-374}
}
  
@book{ BodieMerton,
  title = {Finanzas},
  author = {Zvi Bodie and Robert Merton},
  publisher = {Prentice Hall},
  series = {Universitarios},
  isbn = {970--17--0273-5},
  year = {1999}
}

@book{tsay2013multivariate,
  title={Multivariate Time Series Analysis: With R and Financial Applications},
  author={Tsay, R.S.},
  isbn={9781118617755},
  lccn={2013017803},
  series={Wiley Series in Probability and Statistics},
  year={2013},
  publisher={Wiley}
}

@book{madsen2007time,
  title={Time Series Analysis},
  author={Madsen, H.},
  isbn={9781420059670},
  lccn={2007036211},
  series={Chapman \& Hall/CRC Texts in Statistical Science},
  year={2007},
  publisher={Taylor \& Francis}
}

@book{Lutkepohl2005newtime,
  author={Helmut Lütkepohl},
  title={{New Introduction to Multiple Time Series Analysis}},
  publisher={Springer},
  year={2005},
  volume={},
  edition={},
  keywords={},
  isbn={3540401725}
}

@book{pfaff2008analysis,
  title={Analysis of integrated and cointegrated time series with R},
  author={Pfaff, Bernhard},
  year={2008},
  publisher={Springer Science \& Business Media}
}

@book{box2015time,
  title={Time Series Analysis: Forecasting and Control},
  author={Box, G.E.P. and Jenkins, G.M. and Reinsel, G.C. and Ljung, G.M.},
  isbn={9781118674925},
  lccn={2015016616},
  series={Wiley Series in Probability and Statistics},
  year={2015},
  publisher={Wiley}
}