% Encoding: UTF-8
% Legislation --------------------------------------------------------------------------------------
@legislation{ ResIESS_CS385,
  shorttitle = {{Resolución No. C.D. 385-2017-A}},
  title = {{Resolución No. C.D. 385-2017-A}},
  author = {{Consejo Superior del IESS.}},
  publisher = {{Instituto Ecuatoriano de Seguridad Social, IESS.}},
  series = {{}},
  year = {2017},
  date = {},
  address = {Quito}
}

@legislation{ ServiciosActuariales,
  title = {{Norma que regula los servicios actuariales para las empresas de seguros, compañías de 
  reaseguros y empresas de medicina prepagada y para la calificación de personas naturales o 
  jurídicas que los prestan}},
  author = {{Superintendencia de Compañías, Valores y Seguros}},
  publisher = {SCVS},
  series = {SCVS.INS.17.006},
  year = {2017},
  date = {2017-04-24},
  month = {4},
  address = {Quito},
  note = {Publicada en el RO. No. 2 del 29 de mayo de 2017. Reformada mediante resolución No. 
  SCVS--INS--2018--0006 del 7 de febrero de 2018.}
}

@legislation{ ResIESS_CS318,
  shorttitle = {{Resolución No. C.S. 318}},
  title = {{Reglamento General sobre prestación de subsidio en dinero por enfermedad común, 
  maternidad, accidente de trabajo y enfermedad profesional.}},
  author = {{Consejo Superior del IESS.}},
  publisher = {{Instituto Ecuatoriano de Seguridad Social, IESS.}},
  series = {{}},
  year = {1978},
  date = {1978-12-12},
  address = {Quito}
}

@legislation{ ResIESS_CS358,
  shorttitle = {{Resolución No. C.S. 358}},
  title = {{Reformas al Reglamento General sobre prestación de subsidio en dinero por enfermedad 
  común, maternidad, accidente de trabajo y enfermedad profesional.}},
  author = {{Consejo Superior del IESS.}},
  publisher = {{Instituto Ecuatoriano de Seguridad Social, IESS.}},
  series = {{}},
  year = {1979},
  date = {1979-10-30},
  address = {Quito}
}

@legislation{ ResIESS_CS741,
  shorttitle = {{Resolución No. C.S. 741}},
  title = {{Reglamento del Seguro General de Riesgos del Trabajo}},
  author = {{Consejo Directivo del IESS}},
  publisher = {{Instituto Ecuatoriano de Seguridad Social, IESS}},
  series = {{}},
  year = {1990},
  date = {1990-09-18},
  address = {Quito}
}

@legislation{ ResIESS_CI84,
  shorttitle = {{Resolución No. C.I. 84}},
  title = {{Resolución No. C.I. 84, Reglamento para el cálculo y entrega de la prestación del 
  seguro de cesantia adicional}},
  author = {{Comisión Interventora del Instituto Ecuatoriano de Seguridad Social}},
  publisher = {{Instituto Ecuatoriano de Seguridad Social, IESS}},
  series = {{Registro Oficial No. 123}},
  year = {2000},
  date = {2000-08-07},
  address = {Quito}
}

@legislation{ ResIESS_CI130,
  shorttitle = {{Resolución No. C.I. 130}},
  title = {{Resolución No. C.I. 130, Reglamento de afiliación del trabajador contratado por horas}},
  author = {{Comisión Interventora del Instituto Ecuatoriano de Seguridad Social}},
  publisher = {{Instituto Ecuatoriano de Seguridad Social, IESS}},
  series = {},
  year = {2002},
  date = {2002-02-22},
  address = {Quito}
}

@legislation{ ResIESS_CD081,
  shorttitle = {{Resolución No. C.D. 081}},
  title = {{Resolución No. C.D. 081, Tabla de distribución de las tasas de aportación personal y 
  patronal al Seguro General Obligatorio y Voluntario del IESS}},
  author = {{Consejo Directivo del IESS}},
  publisher = {{Instituto Ecuatoriano de Seguridad Social, IESS}},
  series = {},
  year = {2005},
  date = {2005-10-13},
  address = {Quito}
}
  
@legislation{ ResIESS_CD100,
  shorttitle = {{Resolución No. C.D. 100}},
  title = {{Resolución No. C.D. 100, Reglamento Interno del Régimen de Transición del Seguro de 
  Invalidez, Vejez y Muerte}},
  author = {{Consejo Directivo del IESS}},
  publisher = {{Instituto Ecuatoriano de Seguridad Social, IESS}},
  series = {{Registro Oficial No. 225}},
  year = {2006},
  date = {2006-03-09},
  address = {Quito}
}

@legislation{ ResIESS_CD101,
  shorttitle = {{Resolución No. C.D. 101}},
  title = {{Resolución No. C.D. 101, Fondos Gastos Administración IESS}},
  author = {{Consejo Directivo del IESS}},
  publisher = {{Instituto Ecuatoriano de Seguridad Social, IESS}},
  series = {{Registro Oficial No. 231}},
  year = {2006},
  date = {2006-03-17},
  address = {Quito}
}

@legislation{ ResIESS_CD132,
  shorttitle = {{Resolución No. C.D. 132}},
  title = {{Reglamento para la prescripción farmacológica en las unidades médicas del IESS}},
  author = {{Consejo Directivo del IESS}},
  publisher = {{Instituto Ecuatoriano de Seguridad Social, IESS}},
  series = {{}},
  year = {2006},
  date = {2006-10-26},
  address = {Quito}
}

@legislation{ ResIESS_CD140,
  shorttitle = {{Resolución No. C.D. 140}},
  title = {{Resolución No. C.D. 140, Normas Jubilación de Vejez para trabajadores cortadores de caña de azúcar}},
  author = {{Consejo Directivo del IESS}},
  publisher = {{Instituto Ecuatoriano de Seguridad Social, IESS}},
  series = {{Registro Oficial No. 424}},
  year = {2006},
  date = {2006-11-28},
  address = {Quito}
}
  
@legislation{ ResIESS_CD149,
  shorttitle = {{Resolución No. C.D. 149}},
  title = {{Resolución No. C.D. 149, Base referencial prestacional para año 2007 del Régimen de 
  Transición a cargo del IESS}},
  author = {{Consejo Directivo del IESS}},
  publisher = {{Instituto Ecuatoriano de Seguridad Social, IESS}},
  series = {{Registro Oficial No. 13}},
  year = {2007},
  date = {2007-02-01},
  address = {Quito}
}

@legislation{ ResIESS_CD171,
  shorttitle = {{Resolución No. C.D. 171}},
  title = {{Resolución No. C.D. 171, Reglamento para la concesión de créditos quirografarios}},
  author = {{Consejo Directivo del IESS}},
  publisher = {{Instituto Ecuatoriano de Seguridad Social, IESS}},
  series = {{Registro Oficial No. 137}},
  year = {2007},
  date = {2007-07-30},
  address = {Quito}
}

@legislation{ ResIESS_CD192,
  shorttitle = {{Resolución No. C.D. 192}},
  title = {{Resolución No. C.D. 192, Disposiciones sobre las aportaciones y prestaciones 
  económicas de vejez, invalidez y auxilio de funerales del Seguro Social Campesino}},
  author = {{Consejo Directivo del IESS}},
  publisher = {{Instituto Ecuatoriano de Seguridad Social, IESS}},
  series = {{Suplemento del Registro Oficial No. 239}},
  year = {2007},
  date = {2007-12-26},
  address = {Quito}
}
  
@legislation{ ResIESS_CD201,
  shorttitle = {{Resolución No. C.D. 201}},
  title = {{Resolución No. C.D. 201, Suspensión de los pagos a los pensionistas de vejez que se 
  acogieron a la jubilación en actividad}},
  author = {{Consejo Directivo del IESS}},
  publisher = {{Instituto Ecuatoriano de Seguridad Social, IESS}},
  series = {{Suplemento del Registro Oficial No. 282}},
  year = {2008},
  date = {2008-02-26},
  address = {Quito}
}

@legislation{ ResIESS_CD208,
  shorttitle = {{Resolución No. C.D. 208}},
  title = {{Resolución No. C.D. 208 - Reglamento para la provisión de órtesis, prótesis, endoprótesis
  e implantes corporales a los asegurados del IESS}},
  author = {{Consejo Directivo del IESS}},
  publisher = {{Instituto Ecuatoriano de Seguridad Social, IESS}},
  series = {{Registro Oficial No. 333}},
  year = {2008},
  date = {2008-10-19},
  address = {Quito}
}
  
@legislation{ ResIESS_CD209,
  shorttitle = {{Resolución No. C.D. 209}},
  title = {{Resolución No. C.D. 209, Reforma a la Resolución No. C.D. 100}},
  author = {{Consejo Directivo del IESS}},
  publisher = {{Instituto Ecuatoriano de Seguridad Social, IESS}},
  series = {{Registro Oficial No. 342}},
  year = {2008},
  date = {2008-05-21},
  address = {Quito}
}
  
@legislation{ ResIESS_CD216,
  shorttitle = {{Resolución No. C.D. 216}},
  title = {{Resolución No. C.D. 216, Reforma a la Resolución No. C.D. 100}},
  author = {{Consejo Directivo del IESS}},
  publisher = {{Instituto Ecuatoriano de Seguridad Social, IESS}},
  series = {{Registro Oficial No. 423}},
  year = {2008},
  date = {2008-09-11},
  address = {Quito}
}
  
@legislation{ ResIESS_CD261,
  shorttitle = {{Resolución No. C.D. 261}},
  title = {{Resolución No. C.D. 261, Consolidación de las tablas de distribución de las tasas de 
  aportación}},
  author = {{Consejo Directivo del IESS}},
  publisher = {{Instituto Ecuatoriano de Seguridad Social, IESS}},
  series = {{Registro Oficial No. 615}},
  year = {2009},
  date = {2009-06-18},
  address = {Quito}
}

@legislation{ ResIESS_CD276,
  shorttitle = {{Resolución No. C.D. 276}},
  title = {{Tarifario del Seguro General de Salud Individual y Familiar para las atenciones medicas 
  otorgadas por las Unidades Médicas del IESS y otros prestadores externos, sean públicos o 
  privados debidamente calificados / acreditados y contratados por el IESS}},
  author = {{Consejo Directivo del IESS}},
  publisher = {{Instituto Ecuatoriano de Seguridad Social, IESS}},
  series = {{}},
  year = {2009},
  date = {2009-09-07},
  address = {Quito}
}

@legislation{ ResIESS_CD277,
  shorttitle = {{Resolución No. C.D. 277}},
  title = {{Normas para determinación y actualización del factor de conversión monetario para 
  aplicación del Tarifario del Seguro General de Salud Individual y Familiar para las atenciones 
  médicas otorgadas por las Unidades Médicas del IESS}},
  author = {{Consejo Directivo del IESS}},
  publisher = {{Instituto Ecuatoriano de Seguridad Social, IESS}},
  series = {{}},
  year = {2009},
  date = {2009-09-07},
  address = {Quito}
}
  
@legislation{ ResIESS_CD282,
  shorttitle = {{Resolución No. C.D. 282}},
  title = {{Resolución No. C.D. 282, Reformas al Reglamento Interno del Régimen de Transición del 
  Seguro de Invalidez, Vejez y Muerte}},
  author = {{Consejo Directivo del IESS}},
  publisher = {{Instituto Ecuatoriano de Seguridad Social, IESS}},
  series = {{Registro Oficial No. 58}},
  year = {2009},
  date = {2009-10-30},
  address = {Quito}
}

@legislation{ ResIESS_CD297,
  shorttitle = {{Resolución No. C.D. 297}},
  title = {{Resolución No. C.D. 297, Regulaciones para el cálculo y entrega de la prestación del 
  seguro de cesantía}},
  author = {{Consejo Directivo del IESS}},
  publisher = {{Instituto Ecuatoriano de Seguridad Social, IESS}},
  series = {{Registro Oficial No. 92}},
  year = {2009},
  date = {2009-12-21},
  address = {Quito}
}
  
@legislation{ ResIESS_CD300,
  shorttitle = {{Resolución No. C.D. 300}},
  title = {{Resolución No. C.D. 300, Reformas al Reglamento Interno del Régimen de Transición del 
  Seguro de Invalidez, Vejez y Muerte}},
  author = {{Consejo Directivo del IESS}},
  publisher = {{Instituto Ecuatoriano de Seguridad Social, IESS}},
  series = {{Suplemento Registro Oficial No. 116}},
  year = {2010},
  date = {2010-01-26},
  address = {Quito}
}

@legislation{ ResIESS_CD308,
  shorttitle = {{Resolución No. C.D. 308}},
  title = {{Resolución No. C.D. 308, Reglamento para la atención de salud integral y en red de los 
  asegurados del IESS}},
  author = {{Consejo Directivo del IESS}},
  publisher = {{Instituto Ecuatoriano de Seguridad Social, IESS}},
  series = {{Suplemento Registro Oficial No. 173}},
  year = {2010},
  date = {2010-04-16},
  address = {Quito}
}

@legislation{ ResIESS_CD327,
  shorttitle = {{Resolución No. C.D. 327}},
  title = {{Resolución No. C.D. 327, Reglamento para el aseguramiento y entrega de prestaciones del 
  Seguro Social Campesino}},
  author = {{Consejo Directivo del IESS}},
  publisher = {{Instituto Ecuatoriano de Seguridad Social, IESS}},
  series = {{Registro Oficial No. 279}},
  year = {2010},
  date = {2010-09-15},
  address = {Quito}
}

@legislation{ ResIESS_CD338,
  shorttitle = {{Resolución No. C.D. 338}},
  title = {{Resolución No. C.D. 338, Regulaciones para la aplicación de la Ley Reformatoria a la 
  Ley de Seguridad Social}},
  author = {{Consejo Directivo del IESS}},
  publisher = {{Instituto Ecuatoriano de Seguridad Social, IESS}},
  series = {{Registro Oficial No. 332}},
  year = {2010},
  date = {2010-12-01},
  address = {Quito}
}

@legislation{ ResIESS_CD347,
  shorttitle = {{Resolución No. C.D. 347}},
  title = {{Resolución No. C.D. 347, Reglamento de Registro, afiliación y concesión de prestaciones 
  de los trabajadores de temporada de la industria azucarera}},
  author = {{Consejo Directivo del IESS}},
  publisher = {{Instituto Ecuatoriano de Seguridad Social, IESS}},
  series = {{Registro Oficial No. 375}},
  year = {2011},
  date = {2011-01-12},
  address = {Quito}
}

@legislation{ ResIESS_CD353,
  shorttitle = {{Resolución No. C.D. 353}},
  title = {{Resolución No. C.D. 353, Reformas al Reglamento para el aseguramiento y entrega de 
  prestaciones del Seguro Social Campesino}},
  author = {{Consejo Directivo del IESS}},
  publisher = {{Instituto Ecuatoriano de Seguridad Social, IESS}},
  series = {{Registro Oficial No. 391}},
  year = {2011},
  date = {2011-02-23},
  address = {Quito}
}

@legislation{ ResIESS_CD357,
  shorttitle = {{Resolución No. C.D. 357}},
  title = {{Resolución No. C.D. 357, Regulaciones en la normativa interna relacionadas con el 
  Seguro General de salud individual y familiar para la aplicación de la Ley Reformatoria a la Ley 
  de Seguridad Social}},
  publisher = {{Instituto Ecuatoriano de Seguridad Social, IESS}},
  series = {{Registro Oficial No. 400}},
  year = {2011},
  date = {2011-02-09},
  address = {Quito}
}

@legislation{ ResIESS_CD370,
  shorttitle = {{Resolución No. C.D. 370}},
  title = {{Resolución No. C.D. 370, Reformas al Reglamento para el aseguramiento y entrega de 
  prestacion es del Seguro Social Campesino}},
  author = {{Consejo Directivo del IESS}},
  publisher = {{Instituto Ecuatoriano de Seguridad Social, IESS}},
  series = {{Registro Oficial No. 508}},
  year = {2011},
  date = {2011-08-08},
  address = {Quito}
}
  
@legislation{ ResIESS_CD371,
  shorttitle = {{Resolución No. C.D. 371}},
  title = {{Resolución No. C.D. 371, Reglamento para la concesión de pensiones de vejez a los 
  afiliados que completan derecho con las aportaciones registradas en el ISSFA y/o en el ISSPOL}},
  author = {{Consejo Directivo del IESS}},
  publisher = {{Instituto Ecuatoriano de Seguridad Social, IESS}},
  series = {{Registro Oficial No. 508}},
  year = {2011},
  date = {2011-08-08},
  address = {Quito}
}

@legislation{ ResIESS_CD388,
  shorttitle = {{Resolución No. C.D. 388}},
  title = {{Resolución No. C.D. 388, Normas para la recaudación y pago del cero punto cinco por 
  ciento (0,5\%) de la contribución al Seguro Social Campesino, que no fue retenida por las 
  empresas de medicina prepagada, en el período comprendido entre diciembre 2001 y marzo 2007}},
  author = {{Consejo Directivo del IESS}},
  publisher = {{Instituto Ecuatoriano de Seguridad Social, IESS}},
  series = {{Registro Oficial No. 581}},
  year = {2011},
  date = {2011-11-22},
  address = {Quito}
}

@legislation{ ResIESS_CD390,
  shorttitle = {{Resolución No. C.D. 390}},
  title = {{Reglamento del Seguro General de Riesgos del Trabajo}},
  author = {{Consejo Directivo del IESS}},
  publisher = {{Instituto Ecuatoriano de Seguridad Social, IESS}},
  series = {{}},
  year = {2011},
  date = {2011-11-10},
  address = {Quito}
}

@legislation{ ResIESS_CD392,
  shorttitle = {{Resolución No. C.D. 392}},
  title = {{Resolución No. C.D. 392, Reglamento para la entrega de la prestación del seguro de 
  cesantía general a cargo IESS y del régimen solidario de cesantía a cargo Estado}},
  author = {{Consejo Directivo del IESS}},
  publisher = {{Instituto Ecuatoriano de Seguridad Social, IESS}},
  series = {{Registro Oficial No. 592}},
  year = {2011},
  date = {2011-12-08},
  address = {Quito}
}

@legislation{ ResIESS_CD400,
  shorttitle = {{Resolución No. C.D. 400}},
  title = {{Resolución No. C.D. 400, Fija la tasa ponderada por el período comprendido entre 
  diciembre del 2001 y marzo de 2007}},
  author = {{Consejo Directivo del IESS}},
  publisher = {{Instituto Ecuatoriano de Seguridad Social, IESS}},
  series = {{Registro Oficial No. 623}},
  year = {2012},
  date = {2012-01-20},
  address = {Quito}
}

@legislation{ ResIESS_CD405,
  shorttitle = {{Resolución No. C.D. 405}},
  title = {{Resolución No. C.D. 405, Resolución Sustitutiva a la Resolución No. C.D. 179 de 28 de 
  agosto de 2007}},
  author = {{Consejo Directivo del IESS}},
  publisher = {{Instituto Ecuatoriano de Seguridad Social, IESS}},
  series = {{Registro Oficial No. 649}},
  year = {2012},
  date = {2012-02-28},
  address = {Quito}
}
  
@legislation{ ResIESS_CD406,
  shorttitle = {{Resolución No. C.D. 406}},
  title = {{Resolución No. C.D. 406, Reformas al Reglamento Interno del Régimen de Transición del 
  Seguro de Invalidez, Vejez y Muerte}},
  author = {{Consejo Directivo del IESS}},
  publisher = {{Instituto Ecuatoriano de Seguridad Social, IESS}},
  series = {{Registro Oficial No. 649}},
  year = {2012},
  date = {2012-02-28},
  address = {Quito}
}
  
@legislation{ ResIESS_CD413,
  shorttitle = {{Resolución No. C.D. 413}},
  title = {{Resolución No. C.D. 413, Reformas al Reglamento Interno del Régimen de Transición del 
  Seguro de Invalidez, Vejez y Muerte}},
  author = {{Consejo Directivo del IESS}},
  publisher = {{Instituto Ecuatoriano de Seguridad Social, IESS}},
  series = {{Registro Oficial No. 687}},
  year = {2012},
  date = {2012-04-20},
  address = {Quito}
}

@legislation{ ResIESS_CD417,
  shorttitle = {{Resolución No. C.D. 417}},
  title = {{Resolución No. C.D. 417, Reformas a la Resolución No. C.D. 405}},
  author = {{Consejo Directivo del IESS}},
  publisher = {{Instituto Ecuatoriano de Seguridad Social, IESS}},
  series = {{Registro Oficial No. 697}},
  year = {2012},
  date = {2012-05-07},
  address = {Quito}
}
  
@legislation{ ResIESS_CD419,
  shorttitle = {{Resolución No.  C.D. 419}},
  title = {{Resolución No.  C.D. 419, Reformas al Reglamento Interno del Régimen de Transición del 
  Seguro de Invalidez, Vejez y Muerte}},
  author = {{Consejo Directivo del IESS}},
  publisher = {{Instituto Ecuatoriano de Seguridad Social, IESS}},
  series = {{Registro Oficial No. 732}},
  year = {2012},
  date = {2012-06-26},
  address = {Quito}
}


@legislation{ ResIESS_CD422,
  shorttitle = {{Resolución No. C.D. 422}},
  title = {{Reforma Reglamento para la Prescripción Farmacológica en las Unidades Médicas del IESS 
  contenido en Resolución CD.132}},
  author = {{Consejo Directivo del IESS}},
  publisher = {{Instituto Ecuatoriano de Seguridad Social, IESS}},
  series = {{}},
  year = {2012},
  date = {2012-06-27},
  address = {Quito}
}

@legislation{ ResIESS_CD429,
  shorttitle = {{Resolución No. C.D. 429}},
  title = {{Reforma Resolución No. C.D. 276 de 7 de septiembre de 2009, que contiene Tarifario 
  Seguro General Salud para Atención Médica Asegurados IESS sobre rebaja 15 porciento cantones 
  país.}},
  author = {{Consejo Directivo del IESS}},
  publisher = {{Instituto Ecuatoriano de Seguridad Social, IESS}},
  series = {{}},
  year = {2012},
  date = {2012-10-04},
  address = {Quito}
}

@legislation{ ResIESS_CD447,
  shorttitle = {{Resolución No.  C.D. 447}},
  title = {{Resolución No.  C.D. 447, Reformas a la Resolución No. C.D. 405}},
  author = {{Consejo Directivo del IESS}},
  publisher = {{Instituto Ecuatoriano de Seguridad Social, IESS}},
  series = {{Registro Oficial No. 933}},
  year = {2013},
  date = {2013-04-15},
  address = {Quito}
}
  
@legislation{ ResIESS_CD448,
  shorttitle = {{Resolución No. C.D. 448}},
  title = {{Resolución No. C.D. 448, Normativa de aplicación del Decreto Ejecutivo 1432, 
  Vejez y Muerte}},
  author = {{Consejo Directivo del IESS}},
  publisher = {{Instituto Ecuatoriano de Seguridad Social, IESS}},
  series = {{Registro Oficial No. 933}},
  year = {2013},
  date = {2013-04-15},
  address = {Quito}
}
  
@legislation{ ResIESS_CD451,
  shorttitle = {{Resolución No.  C.D. 451}},
  title = {{Resolución No.  C.D. 451, Reforma a la Resolución No. C.D. 448 de 18 de marzo de 2013, 
  Vejez y Muerte}},
  author = {{Consejo Directivo del IESS}},
  publisher = {{Instituto Ecuatoriano de Seguridad Social, IESS}},
  series = {{Registro Oficial No. 952}},
  year = {2013},
  date = {2013-05-13},
  address = {Quito}
}

@legislation{ ResIESS_CD452,
  shorttitle = {{Resolución No. C.D. 452}},
  title = {{Reforma Resolución No. C.D. 276 de 7 de septiembre de 2009, que contiene Tarifario 
  Seguro General Salud para Atención Médica Asegurados IESS sobre rebaja 15 porciento cantones 
  país.}},
  author = {{Consejo Directivo del IESS}},
  publisher = {{Instituto Ecuatoriano de Seguridad Social, IESS}},
  series = {{}},
  year = {2012},
  date = {2012-10-04},
  address = {Quito}
}
  
@legislation{ ResIESS_CD459,
  shorttitle = {{Resolución No. C.D. 459}},
  title = {{Resolución No. C.D. 459, Responsabilidad de la actualización de las tablas biométricas; 
  y, la tasa actuarial, Vejez y Muerte}},
  author = {{Consejo Directivo del IESS}},
  publisher = {{Instituto Ecuatoriano de Seguridad Social, IESS}},
  series = {{Registro Oficial No. 113}},
  year = {2013},
  date = {2013-10-31},
  address = {Quito}
}

@legislation{ ResIESS_CD467,
  shorttitle = {{Resolución No. C.D. 467}},
  title = {{Resolución No. C.D. 467,  Reglamento  de  afiliación  al  Instituto  Ecuatoriano  de  
  Seguridad  Social de las personas sin relación de dependencia o independien-tes y ecuatorianos
  domiciliados en el exterior}},
  author = {{Consejo Directivo del IESS}},
  publisher = {{Instituto Ecuatoriano de Seguridad Social, IESS}},
  series = {{Registro Oficial No. 244}},
  year = {2014},
  date = {2014-05-13},
  address = {Quito}
}

@legislation{ ResIESS_CD475,
  shorttitle = {{Resolución No. C.D. 475}},
  title = {{Resolución No. C.D. 475, Presupuesto Consolidado del Instituto Ecuatoriano de 
  Seguridad Social para el ejercicio económico del año 2015}},
  author = {{Consejo Directivo del IESS}},
  publisher = {{Instituto Ecuatoriano de Seguridad Social, IESS}},
  year = {2014},
  date = {2014-12-23},
  address = {Quito}
}
  
@legislation{ ResIESS_CD489,
  shorttitle = {{Resolución No. C.D. 489}},
  title = {{Resolución No. C.D. 489, Normas para el pago de la decimotercera y decimocuarta 
  pensiones, Vejez y Muerte}},
  author = {{Consejo Directivo del IESS}},
  publisher = {{Instituto Ecuatoriano de Seguridad Social, IESS}},
  series = {{Registro Oficial No. 511}},
  year = {2015},
  date = {2015-05-29},
  address = {Quito}
}
  
@legislation{ ResIESS_CD501,
  shorttitle = {{Resolución No. C.D. 501}},
  title = {{Resolución No. C.D. 501, Consolidación de tablas de distribución de las tasas de 
  aportación al IESS}},
  author = {{Consejo Directivo del IESS}},
  publisher = {{Instituto Ecuatoriano de Seguridad Social, IESS}},
  series = {{Registro Oficial No. 703}},
  year = {2016},
  date = {2016-03-02},
  address = {Quito}
}
  
@legislation{ ResIESS_CD504,
  shorttitle = {{Resolución No. C.D. 504}},
  title = {{Resolución No. C.D. 504, Reforma a la Resolución No. C.D. 489 de 11 de mayo de 2015}},
  author = {{Consejo Directivo del IESS}},
  publisher = {{Instituto Ecuatoriano de Seguridad Social, IESS}},
  series = {{Registro Oficial No. 707}},
  year = {2016},
  date = {2016-03-08},
  address = {Quito}
}

@legislation{ ResIESS_CD507,
  shorttitle = {{Resolución No. C.D. 507}},
  title = {{Resolución No. C.D. 507, Presupuesto Consolidado del Instituto Ecuatoriano de 
  Seguridad Social para el ejercicio económico del año 2016}},
  author = {{Consejo Directivo del IESS}},
  publisher = {{Instituto Ecuatoriano de Seguridad Social, IESS}},
  year = {2015},
  date = {2015-12-23},
  address = {Quito}
}

@legislation{ ResIESS_CD513,
  shorttitle = {{Resolución No. C.D. 513}},
  title = {{Reglamento del Seguro General de Riesgos del Trabajo}},
  author = {{Consejo Directivo del IESS}},
  publisher = {{Instituto Ecuatoriano de Seguridad Social, IESS}},
  series = {{}},
  year = {2016},
  date = {2016-03-04},
  address = {Quito}
}
  
@legislation{ ResIESS_CD515,
  shorttitle = {{Resolución No. C.D. 515}},
  title = {{Resolución No. C.D. 515, Reglamento para la aplicación de la cesantía y seguro de 
  desempleo}},
  author = {{Consejo Directivo del IESS}},
  publisher = {{Instituto Ecuatoriano de Seguridad Social, IESS}},
  series = {{Registro Oficial No. 794}},
  year = {2016},
  date = {2016-06-11},
  address = {Quito}
}
  
@legislation{ ResIESS_CD516,
  shorttitle = {{Resolución No. C.D. 516}},
  title = {{Resolución No. C.D. 516, Reglamento de Aseguramiento, Recaudación y Gestión de Cartera 
  del Instituto Ecuatoriano de Seguridad Social}},
  author = {{Consejo Directivo del IESS}},
  publisher = {{Instituto Ecuatoriano de Seguridad Social, IESS}},
  series = {{Edición Especial del Registro Oficial No. 687}},
  year = {2016},
  date = {2016-08-15},
  address = {Quito}
}

@legislation{ ResIESS_CD517,
  shorttitle = {{Resolución No. C.D. 517}},
  title = {{Reglamento General de Responsabilidad Patronal}},
  author = {{Consejo Directivo del IESS}},
  publisher = {{Instituto Ecuatoriano de Seguridad Social, IESS}},
  series = {{}},
  year = {2016},
  date = {2020-03-30},
  address = {Quito}
}
  
@legislation{ ResIESS_CD518,
  shorttitle = {{Resolución No. C.D. 518}},
  title = {{Resolución No. C.D. 518 , Reglamento General del Seguro de Cesantía y Seguro de Desempleo}},
  author = {{Consejo Directivo del IESS}},
  publisher = {{Instituto Ecuatoriano de Seguridad Social, IESS}},
  series = {{Registro Oficial No. 803}},
  year = {2016},
  date = {2016-07-22},
  address = {Quito}
}
  
@legislation{ ResIESS_CD535,
  shorttitle = {{Resolución No. C.D. 535}},
  title = {{Resolución No. C.D. 535, Reforma Integral al Reglamento Orgánico Funcional del IESS}},
  author = {{Consejo Directivo del IESS}},
  publisher = {{Instituto Ecuatoriano de Seguridad Social, IESS}},
  series = {{Edición Especial del Registro Oficial No. 5}},
  year = {2017},
  date = {2017-06-01},
  address = {Quito}
}

@legislation{ ResIESS_CD538,
  shorttitle = {{Resolución No. C.D. 538}},
  title = {{Instructivo para la solicitud y pago de la cesantía dentro de la licencia o permiso 
  sin remuneración para el cuidado de los hijos}},
  author = {{Consejo Directivo del IESS}},
  publisher = {{Instituto Ecuatoriano de Seguridad Social, IESS}},
  series = {{}},
  year = {2016},
  date = {2016-06-10},
  address = {Quito}
}

@legislation{ ResIESS_CD545,
  shorttitle = {{Resolución No. C.D. 545}},
  title = {{Resolución No. C.D. 545, Presupuesto Consolidado del Instituto Ecuatoriano de 
  Seguridad Social para el ejercicio económico del año 2017}},
  author = {{Consejo Directivo del IESS}},
  publisher = {{Instituto Ecuatoriano de Seguridad Social, IESS}},
  year = {2016},
  date = {2016-12-28},
  address = {Quito}
}
  
@legislation{ ResIESS_CD553,
  shorttitle = {{Resolución No. C.D. 553}},
  title = {{Resolución No. C.D. 553, Reglamento para la calificación, determinación y revisión de 
  la jubilación por invalidez y del subsidio transitorio por incapacidad}},
  author = {{Consejo Directivo del IESS}},
  publisher = {{Instituto Ecuatoriano de Seguridad Social, IESS}},
  series = {{Edición Especial del Registro Oficial No. 59}},
  year = {2017},
  date = {2017-08-16},
  address = {Quito}
}

@legislation{ ResIESS_CD554,
  shorttitle = {{Resolución No. C.D. 554}},
  title = {{Resolución No. C.D. 554, Reformas al Reglamento de Aseguramiento,Recaudación y 
  Gestión de Cartera}},
  author = {{Consejo Directivo del IESS}},
  publisher = {{Instituto Ecuatoriano de Seguridad Social, IESS}},
  series = {{Edición Especial del Registro Oficial No. 78}},
  year = {2017},
  date = {2017-09-13},
  address = {Quito}
}

@legislation{ ResIESS_CD567,
  shorttitle = {{Resolución No. C.D. 567}},
  title = {{Resolución No. C.D. 567, Presupuesto Consolidado del Instituto Ecuatoriano de 
  Seguridad Social para el ejercicio económico del año 2018}},
  author = {{Consejo Directivo del IESS}},
  publisher = {{Instituto Ecuatoriano de Seguridad Social, IESS}},
  year = {2017},
  date = {2017-12-28},
  address = {Quito}
}

@legislation{ ResIESS_CD573,
  shorttitle = {{Resolución No. C.D. 573}},
  title = {{Resolución No. C.D. 573, Reformas al Reglamento para el aseguramiento y entrega de 
  prestaciones del Seguro Social Campesino}},
  author = {{Consejo Directivo del IESS}},
  publisher = {{Instituto Ecuatoriano de Seguridad Social, IESS}},
  series = {{Edición Especial del Registro Oficial No. 289}},
  year = {2018},
  date = {2018-07-23},
  address = {Quito}
}

@legislation{ ResIESS_CD581,
  shorttitle = {{Resolución No. C.D. 581}},
  title = {{Resolución No. C.D. 581, Presupuesto Consolidado del Instituto Ecuatoriano de 
  Seguridad Social para el ejercicio económico del año 2019}},
  author = {{Consejo Directivo del IESS}},
  publisher = {{Instituto Ecuatoriano de Seguridad Social, IESS}},
  year = {2018},
  date = {2018-12-17},
  address = {Quito}
}

@legislation{ ResIESS_CD593,
  shorttitle = {{Resolución No. C.D. 593}},
  title = {{Resolución No. C.D. 593, Presupuesto Consolidado del Instituto Ecuatoriano de Seguridad 
  Social para el ejercicio económico del año 2020}},
  author = {{Consejo Directivo del IESS}},
  publisher = {{Instituto Ecuatoriano de Seguridad Social, IESS}},
  year = {2019},
  date = {2019-12-24},
  address = {Quito}
}

@legislation{ ResIESS_CD596,
  shorttitle = {{Resolución No. C.D. 596}},
  title = {{Resolución No. C.D. 596}},
  author = {{Consejo Directivo del IESS}},
  publisher = {{Instituto Ecuatoriano de Seguridad Social, IESS}},
  series = {{Edición Especial del Registro Oficial No. 175}},
  year = {2020},
  date = {2020-04-02},
  address = {Quito}
}

@legislation{ ResIESS_CD609,
  shorttitle = {{Resolución No. C.D. 609}},
  title = {{Prima para el Financiamiento de las Décimas Tercera y Cuarta Remuneración y Auxilios 
  Funerales para cubrir el aporte que dejo de percibir del 2,76\% que realizaban los Pensionistas y 
  el Seguro de Desempleo.}},
  author = {{Consejo Directivo del IESS}},
  publisher = {{Instituto Ecuatoriano de Seguridad Social, IESS}},
  series = {{}},
  year = {2020},
  date = {2020-09-19},
  address = {Quito}
}

@legislation{ ResIESS_CD622,
  shorttitle = {{Resolución No. C.D. 622}},
  title = {Codificación del Reglamento para la concesión de las prestaciones del Seguro General de 
  Salud Individual y Familiar, las normas para la extensión de cobertura; y, disposiciones para los 
  hijos de los afiliados, así como los pensionistas de montepío por orfandad del IESS.}},
  author = {{Consejo Directivo del IESS}},
  publisher = {{Instituto Ecuatoriano de Seguridad Social, IESS}},
  series = {{}},
  year = {},
  date = {},
  address = {Quito}
}

@legislation{ ResIESS_CD623,
  shorttitle = {{Resolución No. C.D. 623}},
  title = {{Presupuesto consolidado del Instituto Ecuatoriano de Seguridad Social para el ejercicio 
  económico del año 2021.}},
  author = {{Consejo Directivo del IESS}},
  publisher = {{Instituto Ecuatoriano de Seguridad Social, IESS}},
  series = {{}},
  year = {2020},
  date = {2020-12-28},
  address = {Quito}
}

@legislation{ ResIESS_CD636,
  shorttitle = {{Resolución No. C.D. 636}},
  title = {{Codificación de las Normas que regulan la entrega y prestaciones del Seguro Social Campesino.}},
  author = {{Consejo Directivo del IESS}},
  publisher = {{Instituto Ecuatoriano de Seguridad Social, IESS}},
  series = {{}},
  year = {2021},
  date = {2021-04-09},
  address = {Quito}
} 
  
@legislation{ SB_810,
  shorttitle = {{Resolución No. SB-2017-810}},
  title = {{Resolución No. SB-2017-810 - Codificación de las Normas de la Superintendencia de Bancos}},
  author = {{Superintendencia de Bancos}},
  publisher = {{Superintendencia de Bancos}},
  series = {{Edición Especial del Registro Oficial No. 123 }},
  year = {2017},
  date = {2017-10-31},
  address = {Quito}
}

@legislation{ SB_0531,
  shorttitle = {{Resolución No. SB-2020-0531}},
  title = {{Resolución No. SB-2020-0531 - Codificación de las Normas de la Superintendencia de Bancos}},
  author = {{Superintendencia de Bancos}},
  publisher = {{Superintendencia de Bancos}},
  series = {{Registro Oficial No. 213 de 29 de mayo de 2020}},
  year = {2020},
  date = {2020-05-08},
  address = {Quito}
}
  
@legislation{ MSP_Relacionamiento,
  key = "{Norma de Relacionamiento}",
  author = "{Norma de Relacionamiento}",
  publisher = "Registro Oficial 835",
  title = "Norma Técnica Sustitutiva de Relacionamiento para la prestación de servicios de salud 
  entre instituciones de la Red Pública Integral de Salud y de la Red Privada Complementaria",
  year = "2017",
  date = "2017-01-17",
  volume = "",
  series = "Presidencia de la República",
  address = "Quito",
  note = ""
}
  
@legislation{ MSP_MAIS2013,
  key = "{MAIS}",
  author = "{MAIS}",
  publisher = "Ministerio de Salud Pública, Subsecretaría Nacinal de Gobernanza de la Salud
  Pública, Dirección Nacional de Articulación y Manejo deL Sistema NAcional de Salud y de la Red 
  Pública ",
  title = "Manual del Modelo de Atención Integral de Salud - MAIS",
  year = "2013",
  volume = "",
  series = "",
  address = "Quito",
  note = ""
}
  
@legislation{ CGE_IESS2018,
  key = "{Informe CGE}",
  author = "{Informe CGE}",
  publisher = "Contraloría General del Estado",
  title = "Examen Especial a la preparación, ejecución, aprobación y aplicación de los estudios
  actuariales en el Instituto Ecuatoriano de Seguridad Social IESS y entidades relacionadas, 
  por el período comprendido entre el 1 de enero de 2012 y el 31 de diciembre de 2017",
  year = "2018",
  volume = "",
  series = "",
  address = "Quito",
  note = "Informe No. DNA7-0036-2018"
}
  
@legislation{ CodigoTrabajo,
  shorttitle = {Código de Trabajo},
  title = {Código de Trabajo},
  publisher = {Suplemento Registro Oficial},
  author = {{H. Congreso Nacional del Ecuador}},
  series = {Codificación 2005-017},
  volume = {SRO 167},
  year = {2005}
}
  
@legislation{CodigoNinio,
  shorttitle = {{Código de la Niñez y Adolescencia}},
  title = {{Código de la Niñez y Adolescencia}},
  author = {{Congreso Nacional del Ecuador}},
  publisher = {{Congreso Nacional del Ecuador}},
  series = {{Suplemento del Registro Oficial 737}},
  year = {2003},
  date = {2003-01-03},
  address = {Quito}
}
  
@legislation{LeyOrgSisSalud,
  shorttitle = {{Ley Orgánica del Sistema Nacional de Salud}},
  title = {{Ley Orgánica del Sistema Nacional de Salud}},
  author = {{Congreso Nacional del Ecuador}},
  publisher = {{Congreso Nacional del Ecuador}},
  series = {{SRegistro Oficial No. 670 }},
  year = {2002},
  date = {2002-09-25},
  address = {Quito}
}
  
@legislation{LeyOrgsalud,
  shorttitle = {{Ley Orgánica de Salud}},
  title = {{Ley Orgánica de Salud}},
  author = {{Congreso Nacional del Ecuador}},
  publisher = {{Congreso Nacional del Ecuador}},
  series = {{Suplemento del Registro Oficial No. 423 }},
  year = {2002},
  date = {2002-12-22},
  address = {Quito}
}
  
@legislation{Losep,
  shorttitle = {{Ley Orgánica del Servicio Público}},
  title = {{Ley Orgánica del Servicio Público}},
  author = {{Asamblea Nacional de la República del Ecuador}},
  publisher = {{Asamblea Nacional de la República del Ecuador}},
  series = {{Suplemento del Registro Oficial No. 294 }},
  year = {2010},
  date = {2010-10-06},
  address = {Quito}
}
  
@legislation{LeyJub,
  shorttitle = {{Ley Orgánica para la promoción del Trabajo Juvenil, Cesantía y Seguro de Desempleo}},
  title = {{Ley Orgánica para la promoción del Trabajo Juvenil, Regulación Excepcional de la Jornada de Trabajo, Cesantía y Seguro de Desempleo}},
  author = {{Asamblea Nacional de la República del Ecuador}},
  publisher = {{Asamblea Nacional de la República del Ecuador}},
  series = {{Suplemento del Registro Oficial No. 720  }},
  year = {2016},
  date = {2016-03-28},
  address = {Quito}
}
  
@legislation{LeyIncTribu,
  shorttitle = {{Ley Orgánica de incentivos tributarios para varios sectores productivos e 
    interpretativa del artículo 547 del Código Orgánico de Organización Territorial, Autonomía y 
    Descentralización}},
  title = {{Ley Orgánica de incentivos tributarios para varios sectores productivos e 
    interpretativa del artículo 547 del Código Orgánico de Organización Territorial, Autonomía y 
    Descentralización}},
  author = {{Asamblea Nacional de la República del Ecuador}},
  publisher = {{Asamblea Nacional de la República del Ecuador}},
  series = {{Suplemento del Registro Oficial No. 860   }},
  year = {2016},
  date = {2016-10-12},
  address = {Quito}
}
  
@legislation{LeySerSal,
  shorttitle = {{Ley Orgánica que regula a las compañías que financien servicios de atención 
  integral de salud prepagada y a las de seguros que oferten cobertura de seguros de asistencia 
  médica.}},
  title = {{Ley Orgánica que regula a las compañías que financien servicios de atención integral de 
  salud prepagada y a las de seguros que oferten cobertura de seguros de asistencia médica. }},
  author = {{Asamblea Nacional de la República del Ecuador}},
  publisher = {{Asamblea Nacional de la República del Ecuador}},
  series = {{Suplemento del Registro Oficial No. 863 }},
  year = {2016},
  date = {2016-10-17},
  address = {Quito}
}
  
@legislation{LeyBiess,
  shorttitle = {{Ley del Banco del Instituto Ecuatoriano de Seguridad Social}},
  title = {{Ley del Banco del Instituto Ecuatoriano de Seguridad Social}},
  author = {{Pleno de la Comisión Legislativa y de Fiscalización}},
  publisher = {{Pleno de la Comisión Legislativa y de Fiscalización}},
  series = {{Suplemento del Registro Oficial No. 587}},
  year = {2009},
  date = {2009-05-11},
  address = {Quito}
}
  
@legislation{RegLosep,
  shorttitle = {{Reglamento General de la Ley Orgánica del Servicio Público}},
  title = {{Reglamento General de la Ley Orgánica del Servicio Público}},
  author = {{Presidencia de la República del Ecuador}},
  publisher = {{Presidencia de la República del Ecuador}},
  series = {{Suplemento del Registro Oficial No. 418  }},
  year = {2011},
  date = {2011-04-01},
  address = {Quito}
}
  
@legislation{RegLeyComSal,
  shorttitle = {{Reglamento a la Ley Orgánica que regula a las compañías que financien servicios de 
    atención integral de salud}},
  title = {{Reglamento a la Ley Orgánica que regula a las compañías que financien servicios de 
    atención integral de salud prepagada y a las de seguros que oferten cobertura de seguros de 
    asistencia médica}},
  author = {{Presidencia de la República del Ecuador}},
  publisher = {{Presidencia de la República del Ecuador}},
  series = {{Suplemento del Registro Oficial No. 984   }},
  year = {2017},
  date = {2017-04-13},
  address = {Quito}
}
  
@legislation{ConsEcu:2008,
  shorttitle = {{Constitución de la República del Ecuador}},
  title = {{Constitución de la República del Ecuador}},
  author = {{Asamblea Constituyente de la República del Ecuador}},
  publisher = {{Constitución de la República del Ecuador}},
  series = {{Registro Oficial 449}},
  year = {2008},
  date = {2008-10-20},
  address = {Quito}
}
  
@legislation{LeySS,
  shorttitle = {{Ley de Seguridad Social}},
  title = {{Ley de Seguridad Social}},
  author = {{Congreso Nacional del Ecuador}},
  publisher = {{Congreso Nacional del Ecuador}},
  series = {{Suplemento del Registro Oficial 465}},
  year = {2001},
  date = {2001-11-30},
  address = {Quito},
  note = {{(Incluidas todas las reformas vigentes.)}}
}
  
@legislation{ RegLeyEdui,
  shorttitle = {{Reglamento General a la Ley Orgánica de Educación Intercultural}},
  author = {{Reglamento General a la Ley Orgánica de Educación Intercultural}},
  publisher = {{Suplemento del Registro Oficial 754}},
  title = {{Reglamento General a la Ley Orgánica de Educación Intercultural}},
  year = {{26 de julio de 2012}},
  volume = {},
  series = {{Presidencia de la República del Ecuador}},
  address = {{Quito}}
}
  
@legislation{ LeyEdui,
  shorttitle = {{Ley Orgánica de Educación Intercultural}},
  title = {{Ley Orgánica de Educación Intercultural}},
  author = {{Asamblea Nacional de la República del Ecuador}},
  publisher = {{Asamblea Nacional de la República del Ecuador}},
  series = {{Suplemento del Registro Oficial 417}},
  year = {2011},
  date = {2011-03-31},
  address = {Quito}
}
  
@legislation{ Leyjlab,
  shorttitle = {{Ley Orgánica para la Justicia Laboral y Reconocimiento del Trabajo en el Hogar}},
  title = {{Ley Orgánica para la Justicia Laboral y Reconocimiento del Trabajo en el Hogar}},
  author = {{Asamblea Nacional de la República del Ecuador}},
  publisher = {{Asamblea Nacional de la República del Ecuador}},
  series = {{Suplemento del Registro Oficial 483}},
  year = {2015},
  date = {2015-04-20},
  address = {{Quito}}
}
  
@legislation{ LeyDis,
  shorttitle = {{Ley Orgánica de Discapacidades}},
  title = {{Ley Orgánica de Discapacidades}},
  author = {{Asamblea Nacional de la República del Ecuador}},
  publisher = {{Asamblea Nacional de la República del Ecuador}},
  series = {{Suplemento del Registro Oficial No. 796}},
  year = {2012},
  date = {2012-09-25},
  address = {Quito}
}
  
@legislation{ A1836,
  shorttitle = {{Instructivo General para el Tratamiento de Enfermedades Raras o Huérfanas y Catastróficas}},
  title = {{Acuerdo Ministerial No. 1836. Instructivo General para el tratamiento de las 
  enfermedades raras o huérfanas y catastróficas}},
  author = {{Ministerio de Salud Pública}},
  publisher = {{Ministerio de Salud Pública}},
  series = {{Registro Oficial No. 807}},
  year = {2012},
  date = {2012-10-10},
  address = {Quito}
}
  
@legislation{ ATarifario,
  shorttitle = {{Acuerdo Ministerial No. 00004928}},
  title = {{Acuerdo Ministerial No. 00004928. Tarifario de prestaciones para el sistema nacional de salud}},
  author = {{Ministerio de Salud Pública}},
  publisher = {{Ministerio de Salud Pública}},
  series = {{Registro Oficial Edición Especial No. 235}},
  year = {2014},
  date = {2014-12-24},
  address = {Quito}
}
  
@legislation{ Aplanilla,
  shorttitle = {{Acuerdo Ministerial No. 00000098}},
  title = {{Acuerdo Ministerial No. 00000098. Instructivo de Aplicación de los lineamientos del 
  proceso de planillaje y facturación de los servicios de salud}},
  author = {{Ministerio de Salud Pública}},
  publisher = {{Ministerio de Salud Pública}},
  series = {Registro Oficial No. 880}},
  year = {2016},
  date = {2016-11-12},
  address = {Quito}
}

@legislation{ ASerSal,
  shorttitle = {{Acuerdo Ministerial No. 0091}},
  title = {{Acuerdo Ministerial No. 0091-2017. Norma Técnica Sustitutiva de relacionamiento para la 
  prestación de servicios de salud entre instituciones de la Red Pública Integral de Salud y de la 
  Red Privada Complementaria, y su reconocimiento económico}},
  author = {{Ministerio de Salud Pública}},
  publisher = {{Ministerio de Salud Pública}},
  series = {Registro Oficial Edición Especial No. 20}},
  year = {2017},
  date = {2017-06-28},
  address = {Quito}
}
  
@legislation{ FolletoSGRT,
  address = {Quito},
  author = {{IESS, Dirección general de riesgos del trabajo}},
  month = {Mayo},
  note = {www.iess.gob.ec},
  publisher = {IESS},
  title = {Prestaciones básicas del SGRT},
  year = {2005}
}
  
@legislation{ RegSGRT,
  address = {Quito},
  author = {{IESS}},
  month = {Noviembre},
  publisher = {IESS},
  series = {Res. No. CD--390},
  title = {Reglamento del Seguro General de Riesgos del Trabajo},
  year = {2011}
}

@legislation{LeyRSS,
  shorttitle = {{Ley Reformatoria a la Ley Seguridad Social}},
  title = {{Ley Reformatoria a la Ley Seguridad Social}},
  author = {{Asamblea Constituyente de la República del Ecuador}},
  publisher = {{Asamblea Constituyente de la República del Ecuador}},
  series = {{Suplemento del Registro Oficial No. 264}},
  year = {2018},
  date = {2018-06-18},
  address = {Quito},
  note = {{}}
}

@legislation{LeySSO,
  shorttitle = {{Ley del Seguro Social Obligatorio}},
  title = {{Ley del Seguro Social Obligatorio}},
  author = {{Congreso Nacional}},
  publisher = {{Congreso Nacional}},
  series = {{Registro Oficial No. 21}},
  year = {1988},
  date = {1988-09-08},
  address = {Quito},
  note = {{}}
}

@legislation{ Pacto_DESC,
  shorttitle = {{Pacto de Derechos Económicos, Sociales y Culturales}},
  title = {{Pacto de Derechos Económicos, Sociales y Culturales, Pacto de Derechos Civiles y Políticos}},
  author = {{Asamblea General de las Naciones Unidas}},
  publisher = {{Asamblea General de las Naciones Unidas}},
  series = {Registro Oficial No. 101}},
  year = {1969},
  date = {1969-01-24},
  address = {Ginebra}
}

@legislation{Conve_Intera_PDH,
  shorttitle = {{Convención Interamericana sobre la Protección de los Derechos Humanos de las Personas
Mayores}},
  title = {{Convención Interamericana sobre la Protección de los Derechos Humanos de las Personas
Mayores}},
  author = {{Tratado A-70 de 15 de junio de 2015}},
  publisher = {{Tratado A-70 de 15 de junio de 2015}},
  series = {{Registro Oficial Edición Constitucional No. 53}},
  year = {2018},
  date = {2018-06-28},
  address = {Washington}
}

@legislation{LeyISSFA,
  shorttitle = {{Ley de Seguridad Social de las Fuerzas Armadas}},
  title = {{Ley de Seguridad Social de las Fuerzas Armadas}},
  author = {{Congreso Nacional de la República del Ecuador}},
  publisher = {{Congreso Nacional de la República del Ecuador}},
  series = {{Suplemento del Registro Oficial No. 995}},
  year = {1992},
  date = {1992-08-07},
  address = {Quito}
}

@legislation{LeyISSPOL,
  shorttitle = {{Ley de Seguridad Social de la Policía Nacional}},
  title = {{Ley de Seguridad Social de la Policía Nacional}},
  author = {{Congreso Nacional de la República del Ecuador}},
  publisher = {{Congreso Nacional de la República del Ecuador}},
  series = {{Suplemento del Registro Oficial No. 707}},
  year = {1995},
  date = {1995-06-01},
  address = {Quito}
}

@legislation{LeyForRegEspSS,
  shorttitle = {{Ley de Fortalecimiento de los Regímenes Especiales de la Seguridad Social de las 
  Fuerzas Armadas y de la Policía Nacional}},
  title = {{Ley de Fortalecimiento de los Regímenes Especiales de la Seguridad Social de las Fuerzas 
  Armadas y de la Policía Nacional}},
  author = {{Asamblea Nacional de la República del Ecuado}},
  publisher = {{Asamblea Nacional de la República del Ecuado}},
  series = {{Suplemento del Registro Oficial No. 867}},
  year = {2016},
  date = {2016-10-21},
  address = {Quito}
}

@legislation{RegleySSFA,
  shorttitle = {{Reglamento General a la Ley de Seguridad Social de las Fuerzas Armadas}},
  title = {{Reglamento General a la Ley de Seguridad Social de las Fuerzas Armadas}},
  author = {{Presidencia de la República del Ecuado}},
  publisher = {{Presidencia de la República del Ecuado}},
  series = {{Suplemento del Registro Oficial No. 1007}},
  year = {2017},
  date = {2017-05-18},
  address = {Quito}
}

@legislation{RegleySSPN,
  shorttitle = {{Reglamento General a la Ley de Seguridad Social de la Policía Nacional.}},
  title = {{Reglamento General a la Ley de Seguridad Social de la Policía Nacional.}},
  author = {{Presidencia de la República del Ecuado}},
  publisher = {{Presidencia de la República del Ecuado}},
  series = {{Suplemento del Registro Oficial No. 1007}},
  year = {2017},
  date = {2017-05-18},
  address = {Quito}
}

@legislation{ A5169,
  shorttitle = {{Lineamientos operativos para la implementación del MAIS y RPIS}},
  title = {{Acuerdo Ministerial No.00005169-2015. Lineamientos operativos para la implementación del MAIS y RPIS}},
  author = {{Ministerio de Salud Pública}},
  publisher = {{Ministerio de Salud Pública}},
  series = {{Edición Especial del Registro Oficial No. 348 }},
  year = {2015},
  date = {2015-08-06},
  address = {Quito}
}

@legislation{ A74,
  shorttitle = {{Planificación de servicios de salud en la Red Pública integral del Salud}},
  title = {{Acuerdo Ministerial No. 0074-2017. Planificación de servicios de salud en la Red Pública integral del Salud}},
  author = {{Ministerio de Salud Pública}},
  publisher = {{Ministerio de Salud Pública}},
  series = {{Edición Especial del Registro Oficial No. 21 }},
  year = {2017},
  date = {2017-06-29},
  address = {Quito}
}

@legislation{ Conf_OIT1927,
  shorttitle = {{Conferencia General de la Organización Internacional del Trabajo. (15 de Junio de 1927)}},
  title = {{Convenio relativo al seguro de enfermedad de los trabajadores de la industria, del comercio y del servicio doméstico.}},
  author = {{OIT}},
  publisher = {{Ginebra, Ginebra, Suiza}},
  series = {{Registro Oficial No. 159 de 17 de mayo de 1962}},
  year = {1962},
  date = {1962-05-17},
  address = {Ginebra}
}

@legislation{ Conf_OIT1952,
  shorttitle = {{Conferencia General de la Organización Internacional del Trabajo. (28 de Junio de 1952)}},
  title = {{Convenio relativo a las normas mínimas de seguridad social. Convenio No. 102}},
  author = {{OIT}},
  publisher = {{Ginebra, Ginebra, Suiza}},
  series = {{Registro Oficial No. 29 de 12 de diciembre de 1961}},
  year = {1961},
  date = {1961-12-12},
  address = {Ginebra}
}

@legislation{ Conf_OIT1952M,
  shorttitle = {{Conferencia General de la Organización Internacional del Trabajo. (28 de Junio de 1952)}},
  title = {{Convenio relativo a la protección de la maternidad. Convenio 103}},
  author = {{OIT}},
  publisher = {{Ginebra, Ginebra, Suiza}},
  series = {{Registro Oficial No. 159 de 17 de mayo de 1962}},
  year = {1962},
  date = {1962-05-17},
  address = {Ginebra}
}


@legislation{ Conf_OIT1969,
  shorttitle = {{Conferencia General de la Organización Internacional del Trabajo. (25 de Junio de 1969)}},
  title = {{Convenio relativo a la asistencia médica y las prestaciones monetarias de enfermedad. Convenio 130.}},
  author = {{OIT}},
  publisher = {{Ginebra, Ginebra, Suiza}},
  series = {{Registro Oficial No. 593 de 25 de mayo de 1978}},
  year = {1978},
  date = {1978-05-25},
  address = {Ginebra}
}

@legislation{ ANRE_2014,
  shorttitle = {{Asamblea Constituyente de la República del Ecuador}},
  title = {{Código Orgánico Monetario y Financiero. Ley 0}},
  author = {{Asamblea Nacional de la República del Ecuador}},
  publisher = {{Quito, Ecuador}},
  series = {{Registro Oficial Suplemento No. 332 de 12 de septiembre de 2014}},
  year = {2014},
  date = {2014-09-12},
  address = {Quito}
}


@legislation{ ANRE_2016,
  shorttitle = {{Asamblea Constituyente de la República del Ecuador}},
  title = {{Ley Orgánica que regula a las compañías que financien servicios de atención integral de 
  salud prepagada y a las de seguros que oferten cobertura de seguros de asistencia médica. Ley 0.}},
  author = {{Asamblea Nacional de la República del Ecuador}},
  publisher = {{Quito, Ecuador}},
  series = {{Registro Oficial Suplemento No. 863 de 17 de octubre de 2016.}},
  year = {2016},
  date = {2016-10-17},
  address = {Quito}
}

@legislation{ ANRE_2018,
  shorttitle = {{Asamblea Constituyente de la República del Ecuador}},
  title = {{Ley Orgánica de Incentivos Tributarios para varios sectores productivos e 
  Interpretativa del artículo 547 del Código Orgánica de Organización Territorial, Autonomía y 
  Descentralización. Ley O.}},
  author = {{Asamblea Nacional de la República del Ecuador}},
  publisher = {{Quito, Ecuador}},
  series = {{Registro Oficial Suplemento No. 860 de 12 de octubre de 2018.}},
  year = {2018},
  date = {2018-10-12},
  address = {Quito}
}

@legislation{ ANRE_2020,
  shorttitle = {{Asamblea Constituyente de la República del Ecuador}},
  title = {{Ley Orgánica de Apoyo Humanitario para combatir la crisis sanitaria derivada del Covid-19. Ley 0}},
  author = {{Asamblea Nacional de la República del Ecuador}},
  publisher = {{Quito, Ecuador}},
  series = {{Registro Oficial Suplemento No. 229 de 22 de junio de 2020.}},
  year = {2020},
  date = {2020-06-22},
  address = {Quito}
}


@legislation{ PRE_2017,
  shorttitle = {{Presidencia de la República del Ecuador}},
  title = {{Reglamento a la Ley Orgánica que regula a las compañías que financien servicios de 
  atención integral de salud prepagada y a las de seguros que oferten cobertura de seguros de 
  asistencia médica. Decreto Ejecutivo No. 1355.}},
  author = {{Presidencia de la República del Ecuador}},
  publisher = {{Quito, Ecuador}},
  series = {{Registro Oficial Suplemento No. 984 de 13 de abril de 2017.}},
  year = {2017},
  date = {2017-04-13},
  address = {Quito}
}


@legislation{ MSP_2012,
  shorttitle = {{Ministerio de Salud Pública}},
  title = {{Instructivo General para el Tratamiento de las Enfermedades Raras o Huérfanas y 
  Catastróficas. Acuerdo Ministerial Nro. 1836.}},
  author = {{Ministerio de Salud Pública}},
  publisher = {{Quito, Ecuador}},
  series = {{Registro Oficial No. 807 de 10 de octubre de 2012.}},
  year = {2012},
  date = {2012-10-10},
  address = {Quito}
}


@legislation{ MSP_2016,
  shorttitle = {{Ministerio de Salud Pública}},
  title = {{Instructivo "Aplicación de los lineamientos del proceso de planillaje y facturación de 
  los servicios de salud". Acuerdo Ministerial No. 00000098.}},
  author = {{Ministerio de Salud Pública}},
  publisher = {{Quito, Ecuador}},
  series = {{Registro Oficial No. 880 de 12 de noviembre de 2016.}},
  year = {2016},
  date = {2016-11-12},
  address = {Quito}
}


@legislation{ MSP_2017,
  shorttitle = {{Ministerio de Salud Pública}},
  title = {{Norma Técnica Sustitutiva de relacionamiento para la prestación de servicios de salud 
  entre instituciones de la Red Pública Integral de Salud y la Red Privada Complementaria, y su 
  reconocimiento económico. Acuerdo Ministerial No. 0091-2017.}},
  author = {{Ministerio de Salud Pública}},
  publisher = {{Quito, Ecuador}},
  series = {{Registro Oficial Edición Especial No. 20 de 28 de junio de 2017.}},
  year = {2017},
  date = {2017-06-28},
  address = {Quito}
}

@legislation{ MSP_2014,
  shorttitle = {{Ministerio de Salud Pública}},
  title = {{Tarifario de Prestaciones para el Sistema Nacional de Salud. Acuerdo Ministerial No. 00004928.}},
  author = {{Ministerio de Salud Pública}},
  publisher = {{Quito, Ecuador}},
  series = {{Registro Oficial Edición Especial No. 235 de 24 de diciembre de 2014.}},
  year = {2014},
  date = {2014-12-24},
  address = {Quito}
}

@legislation{ Seten_002_18,
  shorttitle = {{Sentencia No. 002-18-SIN-CC de 21}},
  title = {{Sentencia No. 002-18-SIN-CC de 21.}},
  author = {{Corte Constitucional del Ecuador, 2018}},
  publisher = {{Edición Constitucional del Registro Oficial No. 40 de 6 de abril de 2019}},
  series = {{}},
  year = {2018},
  date = {2018-03-21},
  address = {Quito}
}

@legislation{ Seten_83_16,
  shorttitle = {{Sentencia No. 83-16-IN/21 }},
  title = {{Sentencia No. 83-16-IN/21.}},
  author = {{Corte Constitucional del Ecuador, 2021}},
  publisher = {{Edición Constitucional del Registro Oficial No. 168 de 4 de mayo de 2021}},
  series = {{}},
  year = {2021},
  date = {2021-05-04},
  address = {Quito}
}

@legislation{ RESTRICON_52_2001,
  shorttitle = {{Resolución del Tribunal Constitucional No.
52-2001-RA }},
  title = {{Resolución del Tribunal Constitucional No.52-2001-RA.}},
  author = {{Tribunal Constitucional}},
  publisher = {{Registro Oficial Suplemento No. 525 de 16 de febrero de 2005.}},
  series = {{}},
  year = {2005},
  date = {2005-02-16},
  address = {Quito}
}

@legislation{ ResIESS_CD140,
  shorttitle = {{Resolución No. C.D. 140}},
  title = {{Resolución No. C.D. 140, Normas Jubilación de Vejez para trabajadores cortadores de caña de azúcar}},
  author = {{Consejo Directivo del IESS}},
  publisher = {{Instituto Ecuatoriano de Seguridad Social, IESS}},
  series = {{Registro Oficial No. 424}},
  year = {2006},
  date = {2006-11-28},
  address = {Quito}
}

@legislation{ ResIESS_CD597,
  shorttitle = {{Resolución No. C.D. 597}},
  title = {{Resolución No. C.D. 597, Reglamento para la concesión de mejora a jubilados del ISSFA 
  y/o ISSPOL que hubieren acreditado en el IESS tiempos de servicios civiles con anterioridad o 
  posterioridad de su alta militar o policial.}},
  author = {{Consejo Directivo del IESS}},
  publisher = {{Instituto Ecuatoriano de Seguridad Social, IESS}},
  series = {{Registro Oficial Edición Especial No. 923 de 26 de agosto de 2020.}},
  year = {2020},
  date = {2020-03-04},
  address = {Quito}
}

@legislation{ResIESS_CD609,
  shorttitle = {{Resolución No. C.D. 609}},
  title = {{Resolución No. C.D. 609}},
  author = {{Consejo Directivo del IESS}},
  publisher = {{Instituto Ecuatoriano de Seguridad Social, IESS}},
  series = {{ Registro Oficial Edición Especial No. 1117 de 2 de octubre de 2020.}},
  year = {2020},
  date = {2020-09-16},
  address = {Quito}
}

@legislation{ ResIESS_CD610,
  shorttitle = {{Resolución No. C.D. 610}},
  title = {{Resolución No. C.D. 610, Reforma al Reglamento Interno del Régimen de Transición del 
  Seguro de Invalidez, Vejez y Muerte, contenido en la Resolución No. C.D. 100.}},
  author = {{Consejo Directivo del IESS}},
  publisher = {{Instituto Ecuatoriano de Seguridad Social, IESS}},
  series = {{ Registro Oficial Suplemento No. 403 de 4 de marzo de 2021.}},
  year = {2020},
  date = {2020-10-13},
  address = {Quito}
}

@legislation{ ResIESS_CD613,
  shorttitle = {{Resolución No. C.D. 613}},
  title = {{Resolución No. C.D. 613, Codificación de las normas que regulan la contribución 
  obligatoria al Seguro Social Campesino de las compañías de Seguros y de las Empresas de Medicina 
  Prepagada.}},
  author = {{Consejo Directivo del IESS}},
  publisher = {{Instituto Ecuatoriano de Seguridad Social, IESS}},
  series = {{ Registro Oficial Cuarto Suplemento No. 387 de 8 de febrero de 2011.}},
  year = {2020},
  date = {2020-12-08},
  address = {Quito}
}

@legislation{ ResIESS_CD614,
  shorttitle = {{Resolución No. C.D. 614}},
  title = {{Resolución No. C.D. 614, Codificación de la normativa de aplicación del Reglamento 
  General a la Ley Orgánica de Educación Intercultural.}},
  author = {{Consejo Directivo del IESS}},
  publisher = {{Instituto Ecuatoriano de Seguridad Social, IESS}},
  series = {{ Registro Oficial Suplemento No. 387.}},
  year = {2020},
  date = {2020-12-08},
  address = {Quito}
}

@legislation{ ResIESS_CD619,
  shorttitle = {{Resolución No. C.D. 619}},
  title = {{Resolución No. C.D. 619, Codificación que regula el pago de las pensiones adicionales.}},
  author = {{Consejo Directivo del IESS.}},
  publisher = {{Instituto Ecuatoriano de Seguridad Social, IESS.}},
  series = {{ Registro Oficial.}},
  year = {2020},
  date = {2020-12-08},
  address = {Quito}
}

@legislation{ ResIESS_CD625,
  shorttitle = {{Resolución No. C.D. 625}},
  title = {{Resolución No. C.D. 625, Reglamento de Aseguramiento, Recaudación y Gestión de 
  Cartera del Instituto Ecuatoriano de Seguridad Social.}},
  author = {{Consejo Directivo del IESS.}},
  publisher = {{Instituto Ecuatoriano de Seguridad Social, IESS.}},
  series = {{ Registro Oficial Cuarto Suplemento No. 403 de 4 de marzo de 2021}},
  year = {2020},
  date = {2020-12-31},
  address = {Quito}
}

@legislation{ LeyPTJSD,
  shorttitle = {{Ley Orgánica para Promoción del Trabajo Juvenil, Cesantía y Seguro de Desempleo}},
  title = {{Ley Orgánica para la Promoción de Trabajo Juvenil, Cesantía y Seguro de Desempleo}},
  author = {{Asamblea Nacional de la República del Ecuador}},
  publisher = {{Asamblea Nacional de la República del Ecuador}},
  series = {{Suplemento del Registro Oficial No. 720}},
  year = {2016},
  date = {2016-03-28},
  address = {Quito},
  note = {{}}
}
